@inproceedings{hellerstein2018serverless,
	title={Serverless computing: One step forward, two steps back},
	author={Hellerstein, Joseph M and Faleiro, Jose and Gonzalez, Joseph E and Schleier-Smith, Johann and Sreekanti, Vikram and Tumanov, Alexey and Wu, Chenggang},
	booktitle={9th Conference on Innovative Data Systems Research (CIDR)},
	year={2019}
}

@inproceedings{klimovic2018understanding,
	title={Understanding ephemeral storage for serverless analytics},
	author={Klimovic, Ana and Wang, Yawen and Kozyrakis, Christos and Stuedi, Patrick and Pfefferle, Jonas and Trivedi, Animesh},
	booktitle={2018 $\{$USENIX$\}$ Annual Technical Conference ($\{$USENIX$\}$$\{$ATC$\}$ 18)},
	pages={789--794},
	year={2018}
}

@inproceedings{manner2018cold,
	title={Cold start influencing factors in function as a service},
	author={Manner, Johannes and Endre{\ss}, Martin and Heckel, Tobias and Wirtz, Guido},
	booktitle={2018 IEEE/ACM International Conference on Utility and Cloud Computing Companion (UCC Companion)},
	pages={181--188},
	year={2018},
	organization={IEEE}
}

@inproceedings{pelle2019towards,
	title={Towards Latency Sensitive Cloud Native Applications: A Performance Study on AWS},
	author={Pelle, Istv{\'a}n and Czentye, J{\'a}nos and D{\'o}ka, J{\'a}nos and Sonkoly, Bal{\'a}zs},
	booktitle={2019 IEEE 12th International Conference on Cloud Computing (CLOUD)},
	pages={272--280},
	year={2019},
	organization={IEEE}
}

@inproceedings{gousios2012ghtorrent,
	title={GHTorrent: GitHub's data from a firehose},
	author={Gousios, Georgios and Spinellis, Diomidis},
	booktitle={2012 9th IEEE Working Conference on Mining Software Repositories (MSR)},
	pages={12--21},
	year={2012},
	organization={IEEE}
}

@inproceedings{kritikos2018review,
	title={A review of serverless frameworks},
	author={Kritikos, Kyriakos and Skrzypek, Pawe{\l}},
	booktitle={2018 IEEE/ACM International Conference on Utility and Cloud Computing Companion (UCC Companion)},
	pages={161--168},
	year={2018},
	organization={IEEE}
}

@inproceedings{wang2018peeking,
	title={Peeking behind the curtains of serverless platforms},
	author={Wang, Liang and Li, Mengyuan and Zhang, Yinqian and Ristenpart, Thomas and Swift, Michael},
	booktitle={2018 $\{$USENIX$\}$ Annual Technical Conference ($\{$USENIX$\}$$\{$ATC$\}$ 18)},
	pages={133--146},
	year={2018}
}

@inproceedings{lloyd2018serverless,
	title={Serverless computing: An investigation of factors influencing microservice performance},
	author={Lloyd, Wes and Ramesh, Shruti and Chinthalapati, Swetha and Ly, Lan and Pallickara, Shrideep},
	booktitle={2018 IEEE International Conference on Cloud Engineering (IC2E)},
	pages={159--169},
	year={2018},
	organization={IEEE}
}

@article{figiela2018performance,
	title={Performance evaluation of heterogeneous cloud functions},
	author={Figiela, Kamil and Gajek, Adam and Zima, Adam and Obrok, Beata and Malawski, Maciej},
	journal={Concurrency and Computation: Practice and Experience},
	volume={30},
	number={23},
	pages={e4792},
	year={2018},
	publisher={Wiley Online Library}
}

@inproceedings{lee2018evaluation,
	title={Evaluation of production serverless computing environments},
	author={Lee, Hyungro and Satyam, Kumar and Fox, Geoffrey},
	booktitle={2018 IEEE 11th International Conference on Cloud Computing (CLOUD)},
	pages={442--450},
	year={2018},
	organization={IEEE}
}

@inproceedings{mcgrath2017serverless,
	title={Serverless computing: Design, implementation, and performance},
	author={McGrath, Garrett and Brenner, Paul R},
	booktitle={2017 IEEE 37th International Conference on Distributed Computing Systems Workshops (ICDCSW)},
	pages={405--410},
	year={2017},
	organization={IEEE}
}

@inproceedings{back2018using,
	title={Using a microbenchmark to compare function as a service solutions},
	author={Back, Timon and Andrikopoulos, Vasilios},
	booktitle={European Conference on Service-Oriented and Cloud Computing},
	pages={146--160},
	year={2018},
	organization={Springer}
}

@inproceedings{mohanty2018evaluation,
	title={An Evaluation of Open Source Serverless Computing Frameworks.},
	author={Mohanty, Sunil Kumar and Premsankar, Gopika and Di Francesco, Mario and others},
	booktitle={CloudCom},
	pages={115--120},
	year={2018}
}

@inproceedings{adzic2017serverless,
	title={Serverless computing: economic and architectural impact},
	author={Adzic, Gojko and Chatley, Robert},
	booktitle={Proceedings of the 2017 11th Joint Meeting on Foundations of Software Engineering},
	pages={884--889},
	year={2017}
}

@inproceedings{jackson2018investigation,
	title={An Investigation of the Impact of Language Runtime on the Performance and Cost of Serverless Functions},
	author={Jackson, David and Clynch, Gary},
	booktitle={2018 IEEE/ACM International Conference on Utility and Cloud Computing Companion (UCC Companion)},
	pages={154--160},
	year={2018},
	organization={IEEE}
}

@inproceedings{bortolini2019investigating,
	title={Investigating Performance and Cost in Function-as-a-Service Platforms},
	author={Bortolini, Diogo and Obelheiro, Rafael R},
	booktitle={International Conference on P2P, Parallel, Grid, Cloud and Internet Computing},
	pages={174--185},
	year={2019},
	organization={Springer}
}

@article{eismann2020serverless,
	title={Serverless Applications: Why, When, and How?},
	author={Eismann, Simon and Scheuner, Joel and van Eyk, Erwin and Schwinger, Maximilian and Grohmann, Johannes and Herbst, Nikolas and Abad, Cristina and Iosup, Alexandru},
	journal={IEEE Software},
	year={2020},
	publisher={IEEE}
}

@article{leitner2019mixed,
	title={A mixed-method empirical study of Function-as-a-Service software development in industrial practice},
	author={Leitner, Philipp and Wittern, Erik and Spillner, Josef and Hummer, Waldemar},
	journal={Journal of Systems and Software},
	volume={149},
	pages={340--359},
	year={2019},
	publisher={Elsevier}
}

@article{spillner2019quantitative,
	title={Quantitative Analysis of Cloud Function Evolution in the AWS Serverless Application Repository},
	author={Spillner, Josef},
	journal={arXiv preprint arXiv:1905.04800},
	year={2019}
}

@article{pavlov2019serverless,
	title={Serverless Development Trends in Open Source: a Mixed-Research Study},
	author={Pavlov, Ilja and Ali, Susanne and Mahmud, Tauhid},
	year={2019}
}

@article{DBLP:journals/corr/abs-1902-03383,
  author    = {Eric Jonas and
               Johann Schleier{-}Smith and
               Vikram Sreekanti and
               Chia{-}che Tsai and
               Anurag Khandelwal and
               Qifan Pu and
               Vaishaal Shankar and
               Joao Carreira and
               Karl Krauth and
               Neeraja Jayant Yadwadkar and
               Joseph E. Gonzalez and
               Raluca Ada Popa and
               Ion Stoica and
               David A. Patterson},
  title     = {Cloud Programming Simplified: {A} Berkeley View on Serverless Computing},
  journal   = {CoRR},
  volume    = {abs/1902.03383},
  year      = {2019},
  url       = {http://arxiv.org/abs/1902.03383},
  archivePrefix = {arXiv},
  eprint    = {1902.03383},
  timestamp = {Tue, 21 May 2019 18:03:40 +0200},
  biburl    = {https://dblp.org/rec/journals/corr/abs-1902-03383.bib},
  bibsource = {dblp computer science bibliography, https://dblp.org}
}

@inproceedings{baldini2017serverless,
	title={The serverless trilemma: Function composition for serverless computing},
	author={Baldini, Ioana and Cheng, Perry and Fink, Stephen J and Mitchell, Nick and Muthusamy, Vinod and Rabbah, Rodric and Suter, Philippe and Tardieu, Olivier},
	booktitle={Proceedings of the 2017 ACM SIGPLAN International Symposium on New Ideas, New Paradigms, and Reflections on Programming and Software},
	pages={89--103},
	year={2017}
}

@article{lenarduzzi2020serverless,
	title={Serverless Testing: Tool Vendors and Experts Point of View},
	author={Lenarduzzi, Valentina and Panichella, Annibale},
	journal={IEEE Software},
	year={2020},
	publisher={IEEE}
}


@inproceedings{10.5555/3357034.3357059,
author = {Obetz, Matthew and Patterson, Stacy and Milanova, Ana},
title = {Static Call Graph Construction in AWS Lambda Serverless Applications},
year = {2019},
publisher = {USENIX Association},
address = {USA},
booktitle = {Proceedings of the 11th USENIX Conference on Hot Topics in Cloud Computing},
pages = {20},
numpages = {1},
location = {Renton, WA, USA},
series = {HotCloud'19}
}

@article{DBLP:journals/ese/RahmanFW20,
  author    = {Akond Rahman and
               Effat Farhana and
               Laurie A. Williams},
  title     = {The 'as code' activities: development anti-patterns for infrastructure
               as code},
  journal   = {Empir. Softw. Eng.},
  volume    = {25},
  number    = {5},
  pages     = {3430--3467},
  year      = {2020},
  url       = {https://doi.org/10.1007/s10664-020-09841-8},
  doi       = {10.1007/s10664-020-09841-8},
  timestamp = {Sat, 19 Sep 2020 13:19:19 +0200},
  biburl    = {https://dblp.org/rec/journals/ese/RahmanFW20.bib},
  bibsource = {dblp computer science bibliography, https://dblp.org}
}

@inproceedings{nupponen2020serverless,
	title={Serverless: What it is, what to do and what not to do},
	author={Nupponen, Jussi and Taibi, Davide},
	booktitle={2020 IEEE International Conference on Software Architecture Companion (ICSA-C)},
	pages={49--50},
	year={2020},
	organization={IEEE}
}

@inproceedings{sousa2020characterizing,
	title={Characterizing and Identifying Composite Refactorings: Concepts, Heuristics and Patterns},
	author={Sousa, Leonardo and Cedrim, Diego and Garcia, Alessandro and Oizumi, Willian and Bibiano, Ana C and Oliveira, Daniel and Kim, Miryung and Oliveira, Anderson},
	booktitle={Proceedings of the 17th International Conference on Mining Software Repositories},
	pages={186--197},
	year={2020}
}

@inproceedings{du2020understanding,
	title={Understanding Promotion-as-a-Service on GitHub},
	author={Du, Kun and Yang, Hao and Zhang, Yubao and Duan, Haixin and Wang, Haining and Hao, Shuang and Li, Zhou and Yang, Min},
	booktitle={Annual Computer Security Applications Conference},
	pages={597--610},
	year={2020}
}

@inproceedings{wen2020empirical,
	title={An Empirical Study of Quick Remedy Commits},
	author={Wen, Fengcai and Nagy, Csaba and Lanza, Michele and Bavota, Gabriele},
	booktitle={Proceedings of the 28th International Conference on Program Comprehension},
	pages={60--71},
	year={2020}
}

@inproceedings {216833,
author = {Sanghyun Hong and Abhinav Srivastava and William Shambrook and Tudor Dumitras},
title = {Go Serverless: Securing Cloud via Serverless Design Patterns},
booktitle = {10th {USENIX} Workshop on Hot Topics in Cloud Computing (HotCloud 18)},
year = {2018},
address = {Boston, MA},
url = {https://www.usenix.org/conference/hotcloud18/presentation/hong},
publisher = {{USENIX} Association},
month = jul,
}

















